<record><leader>00000cas a22000007a 4500</leader><controlfield tag="001">20569462</controlfield><controlfield tag="008">891030d188u18uumduwr ne      0    0eng d</controlfield><datafield ind1=" " ind2=" " tag="010"><subfield code="a">sn 89060237 </subfield></datafield><datafield ind1=" " ind2=" " tag="040"><subfield code="a">MFN</subfield><subfield code="b">eng</subfield><subfield code="c">MFN</subfield><subfield code="d">OCLCQ</subfield></datafield><datafield ind1=" " ind2=" " tag="042"><subfield code="a">msc</subfield></datafield><datafield ind1="0" ind2="0" tag="245"><subfield code="a">Free quill.</subfield></datafield><datafield ind1=" " ind2=" " tag="260"><subfield code="a">Laurel, Md. :</subfield><subfield code="b">Free Quill Pub. Assoc.</subfield></datafield><datafield ind1=" " ind2=" " tag="300"><subfield code="a">v.</subfield></datafield><datafield ind1=" " ind2=" " tag="310"><subfield code="a">Weekly</subfield></datafield><datafield ind1=" " ind2=" " tag="588"><subfield code="a">Description based on: Vol. 8, no. 27 (Dec. 20, 1894).</subfield></datafield><datafield ind1=" " ind2=" " tag="752"><subfield code="a">United States</subfield><subfield code="b">Maryland</subfield><subfield code="c">Prince George's</subfield><subfield code="d">Laurel.</subfield></datafield><datafield ind1="0" ind2="0" tag="780"><subfield code="t">Laurel free quill</subfield><subfield code="w">(DLC)sn 89060251</subfield></datafield></record>